<record><leader>00000cas a2200000 a 4500</leader><controlfield tag="001">18496156</controlfield><controlfield tag="008">880917d18991904iauwr ne      0    0eng c</controlfield><datafield ind1=" " ind2=" " tag="010"><subfield code="a">sn 88059708 </subfield></datafield><datafield ind1=" " ind2=" " tag="040"><subfield code="a">INP</subfield><subfield code="b">eng</subfield><subfield code="c">INP</subfield><subfield code="d">OCLCQ</subfield><subfield code="d">IUL</subfield><subfield code="d">OCLCF</subfield></datafield><datafield ind1=" " ind2=" " tag="042"><subfield code="a">pcc</subfield></datafield><datafield ind1=" " ind2=" " tag="043"><subfield code="a">n-us-ia</subfield></datafield><datafield ind1="0" ind2=" " tag="130"><subfield code="a">Davenport weekly Republican (Davenport, Iowa : 1899)</subfield></datafield><datafield ind1="1" ind2="0" tag="245"><subfield code="a">Davenport weekly Republican.</subfield></datafield><datafield ind1="1" ind2="3" tag="246"><subfield code="a">Republican and Davenport tribune</subfield></datafield><datafield ind1="1" ind2="7" tag="246"><subfield code="a">Davenport Republican</subfield></datafield><datafield ind1=" " ind2=" " tag="260"><subfield code="a">Davenport, Iowa :</subfield><subfield code="b">Republican Co.</subfield></datafield><datafield ind1=" " ind2=" " tag="300"><subfield code="a">v.</subfield></datafield><datafield ind1=" " ind2=" " tag="310"><subfield code="a">Weekly</subfield></datafield><datafield ind1="0" ind2=" " tag="362"><subfield code="a">12th year, no. 73 (July 28, 1899)-</subfield></datafield><datafield ind1="1" ind2=" " tag="362"><subfield code="a">Ceased in 1904.</subfield></datafield><datafield ind1=" " ind2=" " tag="588"><subfield code="a">Latest issue consulted: September 15, 1904 (eighteenth year); Google News Archive (viewed September 25, 2017).</subfield></datafield><datafield ind1=" " ind2="0" tag="651"><subfield code="a">Davenport (Iowa)</subfield><subfield code="v">Newspapers.</subfield></datafield><datafield ind1=" " ind2="0" tag="651"><subfield code="a">Scott County (Iowa)</subfield><subfield code="v">Newspapers.</subfield></datafield><datafield ind1=" " ind2="7" tag="651"><subfield code="a">Iowa</subfield><subfield code="z">Davenport.</subfield><subfield code="2">fast</subfield><subfield code="0">(OCoLC)fst01207492</subfield></datafield><datafield ind1=" " ind2="7" tag="651"><subfield code="a">Iowa</subfield><subfield code="z">Scott County.</subfield><subfield code="2">fast</subfield><subfield code="0">(OCoLC)fst01212225</subfield></datafield><datafield ind1=" " ind2="7" tag="655"><subfield code="a">Newspapers.</subfield><subfield code="2">fast</subfield><subfield code="0">(OCoLC)fst01423814</subfield></datafield><datafield ind1=" " ind2=" " tag="752"><subfield code="a">United States</subfield><subfield code="b">Iowa</subfield><subfield code="c">Scott</subfield><subfield code="d">Davenport.</subfield></datafield><datafield ind1="0" ind2=" " tag="775"><subfield code="t">Davenport daily Republican</subfield><subfield code="g">1899-&lt;Mar. 1903&gt;</subfield><subfield code="w">(DLC)sn 88059246</subfield><subfield code="w">(OCoLC)18757206</subfield></datafield><datafield ind1="0" ind2="0" tag="780"><subfield code="t">Davenport semi-weekly Republican</subfield><subfield code="w">(DLC)sn 87058189</subfield><subfield code="w">(OCoLC)15638143</subfield></datafield><datafield ind1="4" ind2="1" tag="856"><subfield code="u">http://news.google.com/newspapers?nid=n94QCav8jycC</subfield></datafield></record>